@article{ONeill2003wave,
  title={Wave functions and two-electron probability distributions of the Hooke’s-law atom and helium},
  author={O’Neill, Darragh P and Gill, Peter MW},
  journal={Physical Review A},
  volume={68},
  number={2},
  pages={022505},
  year={2003},
  publisher={APS}
}

@article{anderson2007quantum,
  title={Quantum Monte Carlo on graphical processing units},
  author={Anderson, Amos G and Goddard III, William A and Schr{\"o}der, Peter},
  journal={Computer Physics Communications},
  volume={177},
  number={3},
  pages={298--306},
  year={2007},
  publisher={Elsevier}
}

@article{foulkes2001quantum,
  title={Quantum Monte Carlo simulations of solids},
  author={Foulkes, WMC and Mitas, Lubos and Needs, RJ and Rajagopal, Guna},
  journal={Reviews of Modern Physics},
  volume={73},
  number={1},
  pages={33},
  year={2001},
  publisher={APS}
}

@book{martin2016interacting,
  title={Interacting electrons},
  author={Martin, Richard M and Reining, Lucia and Ceperley, David M},
  year={2016},
  publisher={Cambridge University Press}
}

@article{assaraf1999zero,
  title={Zero-variance principle for Monte Carlo algorithms},
  author={Assaraf, Roland and Caffarel, Michel},
  journal={Physical review letters},
  volume={83},
  number={23},
  pages={4682},
  year={1999},
  publisher={APS}
}

@article{hartree1928auxil, 
title={The Wave Mechanics of an Atom with a Non-Coulomb Central Field. Part I. Theory and Methods}, 
volume={24}, 
DOI={10.1017/S0305004100011919}, 
number={1}, 
journal={Mathematical Proceedings of the Cambridge Philosophical Society}, publisher={Cambridge University Press}, 
author={Hartree, D. R.}, 
year={1928}, 
pages={89–110}
}

@article{fock1930naherungsmethode,
  title={N{\"a}herungsmethode zur L{\"o}sung des quantenmechanischen Mehrk{\"o}rperproblems},
  author={Fock, Vladimir},
  journal={Zeitschrift f{\"u}r Physik},
  volume={61},
  number={1-2},
  pages={126--148},
  year={1930},
  publisher={Springer}
}

@article{kohn1999nobel,
  title={Nobel Lecture: Electronic structure of matter—wave functions and density functionals},
  author={Kohn, Walter},
  journal={Reviews of Modern Physics},
  volume={71},
  number={5},
  pages={1253},
  year={1999},
  publisher={APS}
}

@article{hohenberg1964inhomogeneous,
  title={Inhomogeneous electron gas},
  author={Hohenberg, Pierre and Kohn, Walter},
  journal={Physical review},
  volume={136},
  number={3B},
  pages={B864},
  year={1964},
  publisher={APS}
}

@article{skylaris2005introducing,
  title={Introducing ONETEP: Linear-scaling density functional simulations on parallel computers},
  author={Skylaris, Chris-Kriton and Haynes, Peter D and Mostofi, Arash A and Payne, Mike C},
  journal={The Journal of chemical physics},
  volume={122},
  number={8},
  pages={084119},
  year={2005},
  publisher={American Institute of Physics}
}

@article{austin2012quantum,
  title={Quantum Monte Carlo and related approaches},
  author={Austin, Brian M and Zubarev, Dmitry Yu and Lester Jr, William A},
  journal={Chemical reviews},
  volume={112},
  number={1},
  pages={263--288},
  year={2012},
  publisher={ACS Publications}
}

@article{mcmillan1965ground,
  title={Ground state of liquid He 4},
  author={McMillan, William Lauchlin},
  journal={Physical Review},
  volume={138},
  number={2A},
  pages={A442},
  year={1965},
  publisher={APS}
}

@article{ceperley1977monte,
  title={Monte Carlo simulation of a many-fermion study},
  author={Ceperley, David and Chester, Geoffrey V and Kalos, Malvin H},
  journal={Physical Review B},
  volume={16},
  number={7},
  pages={3081},
  year={1977},
  publisher={APS}
}

@article{carleo2012localization,
  title={Localization and glassy dynamics of many-body quantum systems},
  author={Carleo, Giuseppe and Becca, Federico and Schir{\'o}, Marco and Fabrizio, Michele},
  journal={Scientific reports},
  volume={2},
  number={1},
  pages={1--6},
  year={2012},
  publisher={Nature Publishing Group}
}

@article{carleo2014light,
  title={Light-cone effect and supersonic correlations in one-and two-dimensional bosonic superfluids},
  author={Carleo, Giuseppe and Becca, Federico and Sanchez-Palencia, Laurent and Sorella, Sandro and Fabrizio, Michele},
  journal={Physical Review A},
  volume={89},
  number={3},
  pages={031602},
  year={2014},
  publisher={APS}
}

@article{ido2015time,
  title={Time-dependent many-variable variational Monte Carlo method for nonequilibrium strongly correlated electron systems},
  author={Ido, Kota and Ohgoe, Takahiro and Imada, Masatoshi},
  journal={Physical Review B},
  volume={92},
  number={24},
  pages={245106},
  year={2015},
  publisher={APS}
}

@article{kalos1962monte,
  title={Monte Carlo calculations of the ground state of three-and four-body nuclei},
  author={Kalos, MH},
  journal={Physical Review},
  volume={128},
  number={4},
  pages={1791},
  year={1962},
  publisher={APS}
}

@article{kalos1966stochastic,
  title={Stochastic wave function for atomic helium},
  author={Kalos, MH},
  journal={Journal of Computational Physics},
  volume={1},
  number={2},
  pages={257--276},
  year={1966},
  publisher={Elsevier}
}

@book{gubernatis_kawashima_werner_2016, 
  place={Cambridge}, 
  title={Quantum Monte Carlo Methods: Algorithms for Lattice Models}, 
  DOI={10.1017/CBO9780511902581}, 
  publisher={Cambridge University Press}, 
  author={Gubernatis, James and Kawashima, Naoki and Werner, Phillipp},
  year={2016}
}

@article{reynolds1990diffusion,
  title={Diffusion quantum monte carlo},
  author={Reynolds, Peter J and Tobochnik, Jan and Gould, Harvey},
  journal={Computers in Physics},
  volume={4},
  number={6},
  pages={662--668},
  year={1990},
  publisher={American Institute of Physics}
}

@article{baroni1999reptation,
  title={Reptation quantum Monte Carlo: A method for unbiased ground-state averages and imaginary-time correlations},
  author={Baroni, Stefano and Moroni, Saverio},
  journal={Physical review letters},
  volume={82},
  number={24},
  pages={4745},
  year={1999},
  publisher={APS}
}

@article{anderson1975random,
  title={A random-walk simulation of the Schr{\"o}dinger equation: H+ 3},
  author={Anderson, James B},
  journal={The Journal of Chemical Physics},
  volume={63},
  number={4},
  pages={1499--1503},
  year={1975},
  publisher={American Institute of Physics}
}

@article{ceperley1980ground,
  title={Ground state of the electron gas by a stochastic method},
  author={Ceperley, David M and Alder, Berni J},
  journal={Physical review letters},
  volume={45},
  number={7},
  pages={566},
  year={1980},
  publisher={APS}
}

@article{vosko1980accurate,
  title={Accurate spin-dependent electron liquid correlation energies for local spin density calculations: a critical analysis},
  author={Vosko, Seymour H and Wilk, Leslie and Nusair, Marwan},
  journal={Canadian Journal of physics},
  volume={58},
  number={8},
  pages={1200--1211},
  year={1980},
  publisher={NRC Research Press Ottawa, Canada}
}

@article{ceperley1995path,
  title={Path integrals in the theory of condensed helium},
  author={Ceperley, David M},
  journal={Reviews of Modern Physics},
  volume={67},
  number={2},
  pages={279},
  year={1995},
  publisher={APS}
}

@article{prokof1998exact,
  title={Exact, complete, and universal continuous-time worldline Monte Carlo approach to the statistics of discrete quantum systems},
  author={Prokof’Ev, NV and Svistunov, BV and Tupitsyn, IS},
  journal={Journal of Experimental and Theoretical Physics},
  volume={87},
  number={2},
  pages={310--321},
  year={1998},
  publisher={Springer}
}

@article{needs2020variational,
  title={Variational and diffusion quantum Monte Carlo calculations with the CASINO code},
  author={Needs, RJ and Towler, MD and Drummond, ND and Lopez Rios, Pablo and Trail, JR},
  journal={The Journal of chemical physics},
  volume={152},
  number={15},
  pages={154106},
  year={2020},
  publisher={AIP Publishing LLC}
}

@book{feller2008introduction,
  title={An introduction to probability theory and its applications, vol 2},
  author={Feller, Willliam},
  year={2008},
  publisher={John Wiley \& Sons}
}

@article{hastings1970monte,
  title={Monte Carlo sampling methods using Markov chains and their applications},
  author={Hastings, W Keith},
  year={1970},
  publisher={Oxford University Press}
}

@article{umrigar1988optimized,
  title={Optimized trial wave functions for quantum Monte Carlo calculations},
  author={Umrigar, CJ and Wilson, KG and Wilkins, JW},
  journal={Physical Review Letters},
  volume={60},
  number={17},
  pages={1719},
  year={1988},
  publisher={APS}
}

@article{sorella1998green,
  title={Green function Monte Carlo with stochastic reconfiguration},
  author={Sorella, Sandro},
  journal={Physical review letters},
  volume={80},
  number={20},
  pages={4558},
  year={1998},
  publisher={APS}
}

@article{mcmurchie1978one,
  title={One-and two-electron integrals over Cartesian Gaussian functions},
  author={McMurchie, Larry E and Davidson, Ernest R},
  journal={Journal of Computational Physics},
  volume={26},
  number={2},
  pages={218--231},
  year={1978},
  publisher={Elsevier}
}

@article{obara1986efficient,
  title={Efficient recursive computation of molecular integrals over Cartesian Gaussian functions},
  author={Obara, Shigeru and Saika, A},
  journal={The Journal of chemical physics},
  volume={84},
  number={7},
  pages={3963--3974},
  year={1986},
  publisher={American Institute of Physics}
}

@incollection{helgaker1995gaussian,
  title={Gaussian basis sets and molecular integrals},
  author={Helgaker, Trygve and Taylor, Peter R},
  booktitle={Modern Electronic Structure Theory: Part II},
  pages={725--856},
  year={1995}
}

@article{fermann2020fundamentals,
  title={Fundamentals of molecular integrals evaluation},
  author={Fermann, Justin T and Valeev, Edward F},
  journal={arXiv preprint arXiv:2007.12057},
  year={2020}
}
